@article{micaelli2019zero,
  title={Zero-shot Knowledge Transfer via Adversarial Belief Matching},
  author={Micaelli, Paul and Storkey, Amos},
  journal={arXiv preprint arXiv:1905.09768},
  year={2019}
}

@misc{hinton2015distilling,
    title={Distilling the Knowledge in a Neural Network},
    author={Geoffrey Hinton and Oriol Vinyals and Jeff Dean},
    year={2015},
    eprint={1503.02531},
    archivePrefix={arXiv},
    primaryClass={stat.ML}
}

@misc{zagoruyko2016wide,
    title={Wide Residual Networks},
    author={Sergey Zagoruyko and Nikos Komodakis},
    year={2016},
    eprint={1605.07146},
    archivePrefix={arXiv},
    primaryClass={cs.CV}
}

@misc{zagoruyko2016paying,
    title={Paying More Attention to Attention: Improving the Performance of Convolutional Neural Networks via Attention Transfer},
    author={Sergey Zagoruyko and Nikos Komodakis},
    year={2016},
    eprint={1612.03928},
    archivePrefix={arXiv},
    primaryClass={cs.CV}
}

@misc{fashionMnist,
  title = {{FashionMNIST Dataset} Github Link},
  howpublished = {\url{https://github.com/zalandoresearch/fashion-mnist}},
  note = {Accessed: 2019-11-01}
}

@misc{cifar10,
  title = {{Cifar-10 Dataset} Download Link},
  howpublished = {\url{https://www.cs.toronto.edu/~kriz/cifar.html}},
  note = {Accessed: 2019-11-01}
}